% Survey containing all recent research for BVHs
@inproceedings{meister2021survey,
  title={A survey on bounding volume hierarchies for ray tracing},
  author={Meister, Daniel and Ogaki, Shinji and Benthin, Carsten and Doyle, Michael J and Guthe, Michael and Bittner, Ji{\v{r}}{\'\i}},
  booktitle={Computer Graphics Forum},
  volume={40},
  number={2},
  pages={683--712},
  year={2021},
  organization={Wiley Online Library}
}

% Ray-AABB slab algorithm
@misc{ray_box_intersection,
  author       = {Owen, Scott},
  title        = {Ray-Box Intersection},
  year         = {2001},
  note         = {Accessed: (10/01/2024)},
  howpublished = {\url{https://education.siggraph.org/static/HyperGraph/raytrace/rtinter3.htm}}
}

% Ray-Plane intersection algorithm
@misc{ray_plane_intersection,
  author       = {Owen, Scott},
  title        = {Ray-Plane Intersection},
  year         = {1999},
  note         = {Accessed: (11/01/2024)},
  howpublished = {\url{https://education.siggraph.org/static/HyperGraph/raytrace/rayplane_intersection.htm}}
}

% Separating axis test
@book{separating_axis_test,
 author = {Tomas Akenine-M\"{o}ller and Eric Haines and Naty Hoffman and Angelo Pesce and Micha\l{} Iwanicki and S\'{e}bastien Hillaire},
 title = {Real-Time Rendering 4th Edition},
 year = {2018},
 pages = {1200},
 isbn = {978-1-13862-700-0},
 publisher = {A K Peters/CRC Press},
 address = {Boca Raton, FL, USA},
 note = {Chapter 22.2}
 }
